<?xml version="1.0" encoding="UTF-8"?><record xmlns="http://www.loc.gov/MARC21/slim" xmlns:cinclude="http://apache.org/cocoon/include/1.0" xmlns:zs="http://www.loc.gov/zing/srw/">
  <leader>00687nz  a2200157n  4500</leader>
  <controlfield tag="001">n 2008082545</controlfield>
  <controlfield tag="003">DLC</controlfield>
  <controlfield tag="005">20081210081521.0</controlfield>
  <controlfield tag="008">081209n| acannaabn          |b aaa      </controlfield>
  <datafield tag="010" ind1=" " ind2=" ">
    <subfield code="a">n 2008082545</subfield>
  </datafield>
  <datafield tag="040" ind1=" " ind2=" ">
    <subfield code="a">DLC</subfield>
    <subfield code="b">eng</subfield>
    <subfield code="c">DLC</subfield>
  </datafield>
  <datafield tag="100" ind1="1" ind2=" ">
    <subfield code="a">Haleṿi, Shemuʼel ben Avraham Yitsḥaḳ.</subfield>
    <subfield code="t">Shaʻare peshaṭ (Kol shaʻah)</subfield>
  </datafield>
  <datafield tag="400" ind1="1" ind2=" ">
    <subfield code="a">Haleṿi, Shemuʼel ben Avraham Yitsḥaḳ.</subfield>
    <subfield code="t">Sefer Shaʻare peshaṭ</subfield>
  </datafield>
  <datafield tag="400" ind1="1" ind2=" ">
    <subfield code="a">Haleṿi, Shemuʼel ben Avraham Yitsḥaḳ.</subfield>
    <subfield code="t">Shaʻare peshaṭ</subfield>
  </datafield>
  <datafield tag="667" ind1=" " ind2=" ">
    <subfield code="a">Non-Latin script reference not evaluated.</subfield>
  </datafield>
  <datafield tag="670" ind1=" " ind2=" ">
    <subfield code="a">ספר שערי פשט = Sefer Shaʻare peshaṭ, 2002 or 2003:</subfield>
    <subfield code="b">t.p. (ʻal teḥilat pereḳ "Kol shaʻah" mi-Masekhet Pesaḥim (dapim 21-23))</subfield>
  </datafield>
</record>